@article{Viennot2014,
  author = {Viennot, J. J. and Delbecq, M. R. and Dartiailh, M. C. and Cottet, A. and Kontos, T.},
  url = {https://link.aps.org/doi/10.1103/PhysRevB.89.165404},
  date = {2014-04},
  doi = {10.1103/PhysRevB.89.165404},
  issn = {1098-0121},
  journaltitle = {PRB},
  number = {16},
  pages = {165404},
  title = {Out-of-Equilibrium Charge Dynamics in a Hybrid Circuit Quantum Electrodynamics Architecture},
  volume = {89},
}

@article{Stockklauser2017,
  author = {Stockklauser, A. and Scarlino, P. and Koski, J. V. and Gasparinetti, S. and Andersen, C. K. and Reichl, C. and Wegscheider, W. and Ihn, T. and Ensslin, K. and Wallraff, A.},
  url = {https://link.aps.org/doi/10.1103/PhysRevX.7.011030},
  date = {2017-03},
  doi = {10.1103/PhysRevX.7.011030},
  issn = {2160-3308},
  journaltitle = {PRX},
  number = {1},
  pages = {011030},
  title = {Strong {{Coupling Cavity QED}} with {{Gate}}-{{Defined Double Quantum Dots Enabled}} by a {{High Impedance Resonator}}},
  volume = {7},
}

